

@misc{finlandia,
    author    = "Sputnik International",
    title     = "Finland Banks on Medical Robots to Facilitate Elderly Care",
    year     = "2017",
    month    = "Enero",
    url      = "https://sptnkne.ws/dpgU"
}


@techreport{estadonacion1,
    author    = "R. Aguilar,R. Alfaro,  K. Barquero and others",
    title     = "Programa Estado de la Nación en Desarrollo Humano Sostenible (Costa Rica)",
    institution = "Estado de la Nación",
    number   = "22",
    address  = "San José, Costa Rica",
    year      = "2016",
    type    = {Reporte Técnico},    
}



@misc{ROSubuntu,
    author    = "Open Source Robotics Foundation",
    title     = "Ubuntu install of ROS Kinetic",
    year     = "2017",
    month    = "Abril",
    url      = "http://wiki.ros.org/kinetic/Installation/Ubuntu"
}

@misc{imagen_pepper,
    author    = "The Economic Times",
    title     = "Pepper: The world's first personal robot with emotions",
    year     = "2014",
    month    = "Junio",
    url      = "http://economictimes.indiatimes.com/slideshows/science-technology/pepper-the-worlds-first-personal-robot-with-emotions/pepper-can-be-your-party-companion/slideshow/36104736.cms"
}

@inproceedings{renNIPS15fasterrcnn,
    Author = {Shaoqing Ren and Kaiming He and Ross Girshick and Jian Sun},
    Title = {Faster {R-CNN}: Towards Real-Time Object Detection
             with Region Proposal Networks},
    Booktitle = {Advances in Neural Information Processing Systems ({NIPS})},
    Year = {2015}
}



































@article{Mazzone2012,
author = {Mazzone, Virginia},
file = {:C$\backslash$:/Users/Usuario/Dropbox/TEC-KIT/PG-BraulioSolano/papers/PID.pdf:pdf},
pages = {12},
title = {{Controladores PID}},
url = {http://www.eng.newcastle.edu.au/{~}jhb519/teaching/caut1/Apuntes/PID.pdf},
year = {2012}
}
@article{Reyher2010,
number = {19},
title = {{Parking assist system}},
volume = {1},
year = {2010}
}
@article{,
file = {:C$\backslash$:/Users/Usuario/Dropbox/TEC-KIT/PG-BraulioSolano/papers/8 Intelligent Headlight System.pdf:pdf},
title = {{8 . Intelligent Headlight System}}
}
@article{Instruments2011,
author = {Instruments, National},
title = {{LIDAR System Design for Automotive/Industrial/Military Applications}},
year = {2011}
}
@article{Manual2008,
author = {Manual, Application},
journal = {Ultrasonic Sensor},
pages = {1--17},
title = {{Application Manual}},
year = {2008}
}
@article{Wiper2004,
author = {Wiper, Rain Sensing},
pages = {3--9},
title = {{Automatic Sensing}},
volume = {6},
year = {2004}
}
@article{INSTRUMENTS2013,
author = {INSTRUMENTS, TEXAS and Ma, Renton},
number = {July},
pages = {1--42},
title = {{Automotive Adaptive Front-lighting System Reference Design}},
year = {2013}
}
@article{TexasInstruments2014,
author = {{Texas Instruments}},
pages = {1--4},
title = {{Automotive ultrasonic sensor interface for park assist or blind spot detection systems TI Designs : TIDA-00151}},
year = {2014}
}
@misc{Kajioka1989,
author = {Kajioka, Hideki and Fujimura, Keiji and Fujita, Yasuhiro},
booktitle = {Fujitsu Ten Tech},
pages = {69--79},
title = {{Automatic Wiper Controller Using Optical Rain Sensor.pdf}},
volume = {2},
year = {1989}
}
@article{Litman2009,
author = {Litman, By Isaac and Products, Mobileye},
title = {{ADAS : What is the Best Technology to Avoid and Mitigate Distracted Driving ?}},
year = {2009}
}
@article{Swov2008,
author = {Swov},
journal = {October},
number = {October},
pages = {1--6},
title = {{SWOV Fact sheet}},
volume = {3},
year = {2008}
}
@article{,
file = {:C$\backslash$:/Users/Usuario/Dropbox/TEC-KIT/PG-BraulioSolano/papers/S5123-Gernot-Ziegler.pdf:pdf},
title = {{Visualizing a Car's Camera System Gernot Ziegler (Dr-Ing.)}}
}
@article{Zhang2014,
journal = {IEEE Computer Society Conference on Computer Vision and Pattern Recognition Workshops},
pages = {676--681},
title = {{A surround view camera solution for embedded systems}},
year = {2014}
}
@article{IAVGmbH2014,
author = {{IAV GmbH}},
title = {{Highly Automated Driving @ IAV}},
url = {http://www.iav.com/en/engineering/integral-vehicle-function/driver-assist-systems},
year = {2014}
}
@article{Privacy2016,
author = {Privacy, Data},
number = {68},
pages = {48--51},
title = {{Cooperative advanced driver}},
year = {2016}
}
@article{Yu2014,
author = {Yu, Mengmeng and Ma, Guanglin},
journal = {SAE International Journal of Commercial Vehicles},
number = {1},
title = {{360° Surround View System with Parking Guidance}},
url = {http://papers.sae.org/2014-01-0157/},
volume = {7},
year = {2014}
}
@article{Deng2014,
author = {Deng, Yao and Liang, Huawei and Wang, Zhiling and Huang, Junjie},
journal = {2014 IEEE International Conference on Robotics and Biomimetics, IEEE ROBIO 2014},
pages = {1219--1223},
title = {{An integrated forward collision warning system based on monocular vision}},
year = {2014}
}
@article{Lee2016,
author = {Lee, Sang-seol and Lee, Eunchong and Jang, Sung-joon and Hwang, Youngbae},
number = {3},
title = {{Low-Complexity Hardware Architecture of Traffic Sign Recognition with IHSL color space for Advanced Driver Assistance Systems}},
year = {2016}
}
@article{Xu2016,
journal = {IEEE Design and Test},
number = {1},
pages = {8--22},
title = {{Approximate Computing: A Survey}},
volume = {33},
year = {2016}
}
@article{Lin2014,
journal = {IEEE International Conference on Control and Automation, ICCA},
pages = {32--37},
title = {{In-image rain wiper elimination for vision-based Advanced Driver Assistance Systems}},
year = {2014}
}
@article{Viswanath2016,
author = {Viswanath, Prashanth and Chitnis, Kedar and Swami, Pramod and Mody, Mihir and Shivalingappa, Sujith and Nagori, Soyeb and Mathew, Manu and Desappan, Kumar and Jagannathan, Shyam and Poddar, Deepak and Jain, Anshu and Garud, Hrushikesh and Appia, Vikram and Mangla, Mayank and Dabral, Shashank},
journal = {IEEE Computer Society Conference on Computer Vision and Pattern Recognition Workshops},
pages = {819--827},
title = {{A Diverse Low Cost High Performance Platform for Advanced Driver Assistance System (ADAS) Applications}},
year = {2016}
}
@article{Yoneda2016,
author = {Yoneda, Keisuke and Suganuma, Naoki and Aldibaja, Mohammad Amro},
journal = {2016 11th France-Japan and 9th Europe-Asia Congress on Mechatronics, MECATRONICS 2016 / 17th International Conference on Research and Education in Mechatronics, REM 2016},
pages = {135--140},
title = {{Simultaneous state recognition for multiple traffic signals on urban road}},
year = {2016}
}
@article{Hassan2013,
author = {Hassan, Bassem and Berssenbrugge, Jan and {Al Qaisi}, Imad and Stocklein, Jorg},
journal = {Proceedings - 2013 IEEE International Symposium on Assembly and Manufacturing, ISAM 2013},
pages = {337--339},
title = {{Reconfigurable driving simulator for testing and training of advanced driver assistance systems}},
year = {2013}
}
@article{Saito2008,
author = {Saito, Tsubasa and Haruyama, Shinichiro and Nakagawa, Masao},
journal = {International Conference on Advanced Communication Technology, ICACT},
pages = {673--678},
title = {{A new tracking method using image sensor and photo diode for visible light road-to-vehicle communication}},
volume = {1},
year = {2008}
}
@article{Zheng2012,
author = {Zheng, Zhihui and Zhang, Hanxizi and Wang, Bo and Gao, Zhifeng},
keywords = {Driver Assistance Systems,Imaging and Image Analysis},
pages = {704--709},
title = {{Robust traffic sign recognition and tracking for Advanced Driver Assistance Systems}},
year = {2012}
}
@article{Wang2017,
author = {Wang, Wenhao and Sun, Shanlin and Jiang, Mingxin and Yan, Yunyang and Chen, Xiaobing},
journal = {Multimedia Tools and Applications},
keywords = {Traffic lights,Color segmentation,Noise removal,Su,color segmentation,noise removal,support vector machine,traffic lights},
number = {13},
pages = {14829--14846},
publisher = {Multimedia Tools and Applications},
title = {{Traffic lights detection and recognition based on multi-feature fusion}},
url = {http://link.springer.com/10.1007/s11042-016-4051-5},
volume = {76},
year = {2017}
}
@article{Wang2010,
author = {Wang, Hong-jiang and Ren, Na and Zhang, Wen-qiang and Zhao, Ting-ting and Lun-feng, Cui and Rong-xue, Zhang and Feng, Tian},
journal = {2010 International Conference on Intelligent System Design and Engineering Application},
pages = {298--301},
title = {{Research on Unmanned Vehicle Traffic Signal Recognition Technology}},
url = {http://ieeexplore.ieee.org/document/5743426/},
year = {2010}
}
@article{Horgan2015,
author = {Horgan, Jonathan and Hughes, Ciaran and McDonald, John and Yogamani, Senthil},
journal = {IEEE Conference on Intelligent Transportation Systems, Proceedings, ITSC},
pages = {2032--2039},
title = {{Vision-Based Driver Assistance Systems: Survey, Taxonomy and Advances}},
volume = {2015-Octob},
year = {2015}
}
@article{Martinez-Carballido2012,
author = {Martinez-Carballido, Jorge and Morales-Vel{\'{a}}zquez, Mois{\'{e}}s},
journal = {CONIELECOMP 2012 - 22nd International Conference on Electronics Communications and Computing},
pages = {179--182},
title = {{Using adaptive threshold to detect pedestrians crossing on a street for Advanced Driver Assistance Systems}},
year = {2012}
}
@article{Scanlon2016,
author = {Scanlon, John M. and Sherony, Rini and Gabler, Hampton C.},
journal = {IEEE Intelligent Vehicles Symposium, Proceedings},
number = {Iv},
pages = {1135--1140},
title = {{Preliminary potential crash prevention estimates for an Intersection Advanced Driver Assistance System in straight crossing path crashes}},
volume = {2016-Augus},
year = {2016}
}
@article{Mueller2015,
author = {Mueller, S and Hospach, D and Bringmann, O and Gerlach, J and Rosenstiel, W},
journal = {Proc. IEEE International Conference on Intelligent Transportation Systems (ITSC)},
pages = {2659--2664},
title = {{Robustness Evaluation and Improvement for Vision-based Advanced Driver Assistance Systems}},
year = {2015}
}
@article{Sathiya2015,
author = {Sathiya, S. and Balasubramanian, M. and {Vishnu Priya}, D.},
journal = {2014 International Conference on Information Communication and Embedded Systems, ICICES 2014},
number = {978},
title = {{Real time recognition of traffic light and their signal count-down timings}},
year = {2015}
}
@article{Tiengo2017,
author = {Tiengo, Willy and Costa, Evandro B. and Fechine, Joseana M.},
journal = {Proceedings - 2016 16th IEEE International Conference on Computer and Information Technology, CIT 2016, 2016 6th International Symposium on Cloud and Service Computing, IEEE SC2 2016 and 2016 International Symposium on Security and Privacy in Social Netwo},
pages = {65--72},
title = {{Reducing risk of rollover in curve for heavy-duty vehicles with an agent-based advanced driver assistance system}},
year = {2017}
}
@article{Thakur2016,
author = {Thakur, Rajeev},
journal = {IEEE Consumer Electronics Magazine},
number = {3},
pages = {48--54},
title = {{Scanning LIDAR in advanced driver assistance systems and beyond}},
volume = {5},
year = {2016}
}
@article{Hospach2014,
author = {Hospach, D and Mueller, S and Bringmann, O and Gerlach, J and Rosenstiel, W},
journal = {Intelligent Transportation Systems (ITSC), 2014 IEEE 17th International Conference on},
pages = {2610--2615},
title = {{Simulation and evaluation of sensor characteristics in vision based advanced driver assistance systems}},
year = {2014}
}
@article{SAE2016,
author = {SAE},
title = {{Taxonomy and Definitions for Terms Related to Driving Automation Systems for On-Road Motor Vehicles}},
year={2016}
}
@article{Automotive2015,
author = {Automotive, I H S},
pages = {1--18},
title = {{ADAS – Current {\&} Future Perspectives}},
year = {2015}
}
@article{Goncalves2014,
author = {Goncalves, J.S.V.a and Rossetti, R.J.F.a and Jacob, J.a B and Goncalves, J.c and Olaverri-Monreal, C.c and Coelho, A.a B and Rodrigues, R.a B},
journal = {IEEE Intelligent Vehicles Symposium, Proceedings},
pages = {13--18},
title = {{Testing Advanced Driver Assistance Systems with a serious-game-based human factors analysis suite}},
url = {http://www.scopus.com/inward/record.url?eid=2-s2.0-84905381991{\&}partnerID=40{\&}md5=8a23d798237fb0812a044acd7a13f26f},
year = {2014}
}
@article{Kallhammer2006,
author = {K{\"{a}}llhammer, Jan-Erik},
journal = {Proceedings of SPIE},
number = {table 1},
pages = {61980F--61980F--11},
title = {{Night vision: Requirements and possible roadmap for FIR and NIR systems}},
url = {http://link.aip.org/link/?PSISDG/6198/61980F/1},
year = {2006}
}
@article{Widdowson2014,
author = {Widdowson, Paul},
journal = {Intelligent Sensing Programme},
title = {{Sensing for ADAS {\&} Automated Driving - a vision of present and future needs}},
year = {2014}
}
@article{ViscarraRossel2006,
author = {{Viscarra Rossel}, R. A. and Walvoort, D. J J and McBratney, A. B. and Janik, L. J. and Skjemstad, J. O.},
journal = {Geoderma},
number = {1-2},
pages = {59--75},
title = {{Visible, near infrared, mid infrared or combined diffuse reflectance spectroscopy for simultaneous assessment of various soil properties}},
volume = {131},
year = {2006}
}
@article{Intel2016,
author = {Intel},
journal = {White Paper},
title = {{Advanced Driver Assistant System: Theats, Requirements and Security Solutions}},
year = {2016}
}
@article{Technology,
author = {Technology, Driving},
title = {{Luxoft Automotive}}
}
@article{Dubey2016,
author = {Dubey, Aish},
title = {{Stereo vision — Facing the challenges and seeing the opportunities for ADAS applications}},
year = {2016}
}
@article{Khan2016,
author = {Khan, Jihas},
journal = {3rd International Conference on Signal Processing and Integrated Networks, SPIN 2016},
pages = {753--758},
title = {{Using ADAS sensors in implementation of novel automotive features for increased safety and guidance}},
year = {2016}
}
@article{Strauß2014,
author = {Strau{\ss}, Tobias and Ziegler, Julius and Beck, Johannes},
journal = {2014 17th IEEE International Conference on Intelligent Transportation Systems, ITSC 2014},
pages = {2623--2628},
title = {{Calibrating multiple cameras with non-overlapping views using coded checkerboard targets}},
year = {2014}
}
@article{Shaout2011,
author = {Shaout, Adnan and Colella, Dominic and Awad, S},
journal = {Computer Engineering Conference (ICENCO), 2011 Seventh International},
pages = {72--82},
title = {{Advanced Driver Assistance Systems - Past, present and future}},
year = {2011}
}
@article{Park2017,
author = {Park, Seokmok and Kim, Daehee and Han, Sanpil and Kim, Min Jae and Paik, Joonki},
journal = {IEEE Vehicular Technology Conference},
title = {{Monocular fisheye lens model-based distance estimation for forward collision warning systems}},
year = {2017}
}
@article{Simic2017,
author = {Simic, Aleksandra and Kocic, Ognjen and Bjelica, Milan Z. and Milosevic, Milena},
journal = {24th Telecommunications Forum, TELFOR 2016},
title = {{Driver monitoring algorithm for advanced driver assistance systems}},
year = {2017}
}
@article{Gietelink2006,
author = {Gietelink, O and Ploeg, J},
journal = {Vehicle System Dynamics},
number = {7},
pages = {569--590},
title = {{Development of advanced driver assistance systems with vehicle hardware-in-the-loop simulations}},
url = {http://www.tandfonline.com/doi/abs/10.1080/00423110600563338{\%}5Cnhttp://pub.deschutter.info/abs/05{\_}009.html{\%}5Cnhttp://www.dcsc.tudelft.nl},
volume = {44},
year = {2006}
}
@article{Kim2016,
author = {Kim, Huieun and Lee, Youngwan and Woo, Taekang and Kim, Hakil},
journal = {IEEE International Conference on Consumer Electronics - Berlin, ICCE-Berlin},
pages = {5--8},
title = {{Integration of vehicle and lane detection for forward collision warning system}},
volume = {2016-Octob},
year = {2016}
}
@article{Otaegui2016,
author = {Otaegui, Oihana and Velez, Gorka},
journal = {IET Intelligent Transport Systems},
pages = {1--29},
title = {{Embedding vision-based advanced driver assistance systems: a survey}},
url = {http://digital-library.theiet.org/content/journals/10.1049/iet-its.2016.0026},
year = {2016}
}
@article{PintoNeto2016,
author = {{Pinto Neto}, Jo{\~{a}}o B and Gomes, Lucas C and Castanho, Eduardo M and {Elias Campista}, Miguel M and {Henrique K Costa}, Lu{\'{i}}s M and {Cezar Ribeiro}, Paulo M},
journal = {2016 IEEE 19th International Conference on Intelligent Transportation Systems (ITSC)},
pages = {10--14},
title = {{An Algorithm for Error Correction in Forward Collision Warning Application}},
year = {2016}
}
@article{Di2016,
author = {Di, Zhipeng},
pages = {10--14},
title = {{Forward Collision Warning System Based on Vehicle Detection and Tracking}},
year = {2016}
}
@article{Hosseini2016,
author = {Hosseini, Seyedmehrdad and Murgovski, Nikolce and {De Campos}, Gabriel Rodrigues and Sjoberg, Jonas},
journal = {Proceedings of the American Control Conference},
pages = {5982--5987},
title = {{Adaptive forward collision warning algorithm for automotive applications}},
volume = {2016-July},
year = {2016}
}
@article{Reducing,
author = {Reducing, Overview},
title = {{3 Ways Engineers Tackle ADAS Development}}
}
@article{Kisacanin2011,
author = {Kisacanin, Branislav},
journal = {Proceedings of 2011 International Symposium on VLSI Technology, Systems and Applications},
number = {1},
pages = {1--2},
title = {{Automotive vision for advanced driver assistance systems}},
year = {2011}
}
@article{Knapp2009,
author = {Knapp, Andreas and Neumann, Markus and Brockmann, Martin and Walz, Rainer and Winkle, Thomas},
title = {{Code of Practice for the Design and Evaluation of ADAS Revision chart and history log Deliverable of the RESPONSE 3 project}},
url = {http://www.acea.be/uploads/publication /20090831{\_}Code{\_}of{\_}Practice{\_}ADAS.pdf},
year = {2009}
}
@article{Velez2015,
author = {V{\'{e}}lez, Gorka and Otaegui, Oihana and Ortega, Juan Diego and Nieto, Marcos and Cort{\'{e}}s, Andoni},
journal = {IET Intelligent Transport Systems},
number = {1},
pages = {59--66},
title = {{On creating vision-based advanced driver assistance systems}},
url = {http://digital-library.theiet.org/content/journals/10.1049/iet-its.2013.0167},
volume = {9},
year = {2015}
}
@article{Janjatovic2017,
author = {Janjatovic, Joakim and Ostojic, Radivoje and Velikic, Gordana and Maruna, Tomislav},
journal = {2017 IEEE International Conference on Consumer Electronics (ICCE)},
pages = {275--276},
title = {{Algorithm optimization framework for Advanced Driver Assistance Systems}},
url = {http://ieeexplore.ieee.org/document/7889316/},
year = {2017}
}
@article{Shafique2016,
author = {Shafique, Muhammad and Hafiz, Rehan and Rehman, Semeen and El-Harouni, Walaa and Henkel, J{\"{o}}rg},
journal = {Proceedings of the 53rd Annual Design Automation Conference on - DAC '16},
pages = {1--6},
title = {{Cross-layer approximate computing: from logic to architectures}},
url = {http://dl.acm.org/citation.cfm?doid=2897937.2906199},
year = {2016}
}
@article{Feilhauer2016,
author = {Feilhauer, M. and Haring, J.},
journal = {Intelligent Vehicles Symposium},
number = {IV},
pages = {1179--1184},
title = {{A multi-domain simulation approach to validate Advanced Driver Assistance Systems}},
year = {2016}
}
@article{B??rker2016,
author = {B??rker, Martin and Lensch, Hendrik P A},
journal = {IEEE Conference on Intelligent Transportation Systems, Proceedings, ITSC},
pages = {2185--2190},
title = {{Backscattering elimination in fog for advanced driver assistance systems with LED matrix headlights}},
year = {2016}
}
@article{Li2013,
author = {Li, Lin and Zhu, Xichan},
journal = {2013 Fifth International Conference on Measuring Technology and Mechatronics Automation},
pages = {434--437},
title = {{Design Concept and Method of Advanced Driver Assistance Systems}},
year = {2013}
}
@article{Gundogan2011,
author = {G{\"{u}}ndogan, Fatih and Fellendorf, Martin},
journal = {2011 IEEE Forum on Integrated and Sustainable Transportation Systems},
title = {{Pattern Recognition Method for Simplified Coordinated Traffic Signal Control}},
year = {2011}
}
@book{Somani2015,
author = {Somani, Nikhil and Dean-Le{\'{o}}n, Emmanuel and Cai, Caixia and Knoll, Alois},
booktitle = {Lecture Notes in Computer Science (including subseries Lecture Notes in Artificial Intelligence and Lecture Notes in Bioinformatics)},
pages = {50--59},
title = {{New Trends in Image Analysis and Processing – ICIAP 2015}},
url = {http://link.springer.com/10.1007/978-3-642-41190-8},
volume = {8158},
year = {2015}
}
@article{Stellet2015,
author = {Stellet, Jan Erik and Schumacher, Jan and Branz, Wolfgang and Zollner, J. Marius},
journal = {2015 IEEE Intelligent Vehicles Symposium (IV)},
number = {July},
pages = {1112--1119},
title = {{Performance bounds on change detection with application to manoeuvre recognition for advanced driver assistance systems}},
url = {http://ieeexplore.ieee.org/lpdocs/epic03/wrapper.htm?arnumber=7225833},
year = {2015}
}
@article{Guo2013,
author = {Guo, Chunzhao and Meguro, Junichi and Kojima, Yoshiko and Naito, Takashi},
journal = {IEEE Conference on Intelligent Transportation Systems, Proceedings, ITSC},
number = {Itsc},
pages = {1161--1166},
title = {{Detection of pedestrians in road context for intelligent vehicles and advanced driver assistance systems}},
year = {2013}
}
@article{M.R.Zofka2015,
author = {{M. R. Zofka} and {F. Kuhnt} and {R. Kohlhaas} and {C. Rist} and {T. Schamm} and {J. M. Zollner}},
journal = {Information Fusion (Fusion), 2015 18th International Conference on},
number = {July},
pages = {1422--1428},
title = {{Data-driven simulation and parametrization of traffic scenarios for the development of advanced driver assistance systems}},
year = {2015}
}
@article{Kuo2016,
author = {Kuo, Ying-Che and Fu, Ci-Ming and Tsai, Cheng-Tao and Lin, Chun-Cheng and Chang, Ghih-Hao},
journal = {2016 International Symposium on Computer, Consumer and Control (IS3C)},
pages = {740--743},
title = {{Pedestrian Collision Warning of Advanced Driver Assistance Systems}},
url = {http://ieeexplore.ieee.org/document/7545299/},
year = {2016}
}
@article{Ha2015,
author = {Ha, Jeongmok and Jeon, Byeongchan and Jun, Wooyeol and Lee, Joonho and Jeong, Hong},
journal = {IEEE Intelligent Vehicles Symposium, Proceedings},
number = {Iv},
pages = {89--94},
title = {{An improved 2D cost aggregation method for advanced driver assistance systems}},
volume = {2015-Augus},
year = {2015}
}
@article{Chen2017,
author = {Chen, Yuan Lin},
journal = {IEEE Vehicular Technology Conference},
number = {2},
pages = {1--5},
title = {{A forward collision probability index based on the driving behavior}},
year = {2017}
}
@article{Genxian2014,
author = {Genxian, Liu and Dongsheng, Wang and Haixia, Wang and Zhenyu, Liu},
journal = {2014 Sixth International Conference on Measuring Technology and Mechatronics Automation},
pages = {313--318},
title = {{Image Processing Memory Optimization for Multi-camera Based Advanced Driver Assistance Systems}},
url = {http://ieeexplore.ieee.org/lpdocs/epic03/wrapper.htm?arnumber=6802695},
year = {2014}
}

@book{Medrano,
author = {Medrano, Carlos},
title = {{Tutorial de OpenCV}}
}

@book{Bradski2008,
author = {Bradski, Gary and Kaehler, Adrian},
booktitle = {Learning OpenCV},
pages = {421--474},
title = {{Projection and 3D Vision}},
year = {2008}
}
@article{De2010,
author = {De, Manejo and Opencv, Bibliotecas and Furfaro, Alejandro and {De Bibliotecasopencv}, Manejo},
title = {{Opencv Primer Ejemplo Aplicaciones y as funciones Segundo Ejemplo}},
year = {2010}
}
@book{Ogata2013,
author = {Ogata, Katsuhiko},
number = {9},
pages = {908},
pmid = {25246403},
title = {{Ingenier{\'{i}}a de Control Moderna}},
volume = {53},
year = {2013}
}

@article{Rodriguez2016,
author = {Rodriguez, Irene},
journal = {La Nación},
title = {Accidentes viales toman tercer lugar como causa de muerte en Costa Rica},
url = {http://www.nacion.com/vivir/bienestar/Accidentes-viales-tercer-causas-muerte_0_1595240471.html},
year = {2016}
}
@article{Bosque2017,
author = {Bosque, Diego},
journal = {La Nación},
title = {Accidentes de tránsito dejaron 448 muertes en 2016},
url = {http://www.nacion.com/nacional/transportes/Accidentes-transito-dejaron-muertes_0_1607439269.html},
year = {2017}
}
@article{Alava2010,
author = {Alava, Ingenieros},
journal = {FLIR Systems},
title = {{C{\'{a}}maras infrarrojas para investigaci{\'{o}}n y desarrollo}},
year = {2010}
}
@image{Schmitt2016,
author = {Schmitt,Bernhard},
journal = {Rheinland-Pflaz-Takz},
url = {http://www.der-takt.de/ideen-fuer-die-freizeit/artikeldetails/artikel/karlsruhe.html},
year = {2016}
}
@article{TU92017,
author = {TU9},
title = {German Institutes of Technology},
url = {http://www.tu9.de/en/},
year = {2017}
}
@article{THE2017,
author = {Times Higher Education},
title = {World University Rankings 2016-2017},
url = {https://www.timeshighereducation.com/world-university-rankings/2017/world-ranking#!/page/0/length/25/locations/DE/name/Karlsruhe/sort_by/rank/sort_order/asc/cols/stats},
year = {2017}
}
@article{Butakov2015,
author = {Butakov,Vadim},
title = {Personalized Driver/Vehicle Lane Change Models for ADAS},
year = {2015}
}